<?xml version="1.0" encoding="UTF-8"?><record xmlns="http://www.loc.gov/MARC21/slim" xmlns:cinclude="http://apache.org/cocoon/include/1.0" xmlns:zs="http://www.loc.gov/zing/srw/">
  <leader>00367nz  a2200121n  4500</leader>
  <controlfield tag="001">n 2001107342</controlfield>
  <controlfield tag="003">DLC</controlfield>
  <controlfield tag="005">20010508122939.0</controlfield>
  <controlfield tag="008">010508n| acannaabn          |n aaa      </controlfield>
  <datafield tag="010" ind1=" " ind2=" ">
    <subfield code="a">n 2001107342</subfield>
  </datafield>
  <datafield tag="040" ind1=" " ind2=" ">
    <subfield code="a">DLC</subfield>
    <subfield code="b">eng</subfield>
    <subfield code="c">DLC</subfield>
  </datafield>
  <datafield tag="100" ind1="1" ind2=" ">
    <subfield code="a">Gilmour, John,</subfield>
    <subfield code="d">1919-</subfield>
  </datafield>
  <datafield tag="670" ind1=" " ind2=" ">
    <subfield code="a">Harris, Richard. All in my stride, 1999:</subfield>
    <subfield code="b">p. iii (John Gilmour) p. 2 (b. May 1919 in Ayrshire, Scotland)</subfield>
  </datafield>
</record>